@article{mcnamara,
title = "A model of risk-sensitive foraging for a reproducing animal",
journal = "Animal Behaviour",
volume = "41",
number = "5",
pages = "787 - 792",
year = "1991",
issn = "0003-3472",
doi = "https://doi.org/10.1016/S0003-3472(05)80345-8",
url = "http://www.sciencedirect.com/science/article/pii/S0003347205803458",
author = "John M. McNamara and Salah Merad and Alasdair I. Houston"
}

@inproceedings{johnson,
 author = {Johnson, Lawrence and Yannakakis, Georgios N. and Togelius, Julian},
 title = {Cellular Automata for Real-time Generation of Infinite Cave Levels},
 booktitle = {Proceedings of the 2010 Workshop on Procedural Content Generation in Games},
 series = {PCGames '10},
 year = {2010},
 isbn = {978-1-4503-0023-0},
 location = {Monterey, California},
 pages = {10:1--10:4},
 articleno = {10},
 numpages = {4},
 url = {http://doi.acm.org/10.1145/1814256.1814266},
 doi = {10.1145/1814256.1814266},
 acmid = {1814266},
 publisher = {ACM},
 address = {New York, NY, USA},
} 

@ARTICLE{gat, 
author={E. Gat and R. Desai and R. Ivlev and J. Loch and D. P. Miller}, 
journal={IEEE Transactions on Robotics and Automation}, 
title={Behavior control for robotic exploration of planetary surfaces}, 
year={1994}, 
volume={10}, 
number={4}, 
pages={490-503}, 
keywords={computerised navigation;mobile robots;path planning;planetary surfaces;space research;JPL;autonomous control;autonomous navigation;behavior-control approach;indoor environments;manipulation;outdoor rough-terrain environments;planetary surfaces;robotic exploration;round-trip light-time delay;small robots;Delay;Instruments;Laboratories;Mars;Mobile robots;Propulsion;Robot control;Robot sensing systems;Space technology;Testing}, 
doi={10.1109/70.313099}, 
ISSN={1042-296X}, 
month={Aug},}
